<?xml version="1.0" encoding="UTF-8"?>
  <record xmlns="http://www.loc.gov/MARC21/slim" type="Authority">
    <leader>00000nz  a2200000nc 4500</leader>
    <controlfield tag="001">118503510</controlfield>
    <controlfield tag="003">DE-101</controlfield>
    <controlfield tag="005">20220311164007.0</controlfield>
    <controlfield tag="008">880701n||azznnaabn           | aaa    |c</controlfield>
    <datafield tag="024" ind1="7" ind2=" ">
      <subfield code="a">118503510</subfield>
      <subfield code="0">http://d-nb.info/gnd/118503510</subfield>
      <subfield code="2">gnd</subfield>
    </datafield>
    <datafield tag="035" ind1=" " ind2=" ">
      <subfield code="a">(DE-101)118503510</subfield>
    </datafield>
    <datafield tag="035" ind1=" " ind2=" ">
      <subfield code="a">(DE-588)118503510</subfield>
    </datafield>
    <datafield tag="035" ind1=" " ind2=" ">
      <subfield code="z">(DE-588)1089601174</subfield>
    </datafield>
    <datafield tag="035" ind1=" " ind2=" ">
      <subfield code="z">(DE-588)1089228422</subfield>
    </datafield>
    <datafield tag="035" ind1=" " ind2=" ">
      <subfield code="z">(DE-588a)118503510</subfield>
      <subfield code="9">v:zg</subfield>
    </datafield>
    <datafield tag="035" ind1=" " ind2=" ">
      <subfield code="z">(DE-588a)127399461</subfield>
    </datafield>
    <datafield tag="035" ind1=" " ind2=" ">
      <subfield code="z">(DE-588c)4002352-7</subfield>
      <subfield code="9">v:zg</subfield>
    </datafield>
    <datafield tag="040" ind1=" " ind2=" ">
      <subfield code="a">DE-101</subfield>
      <subfield code="c">DE-101</subfield>
      <subfield code="9">r:DE-384</subfield>
      <subfield code="b">ger</subfield>
      <subfield code="d">9999</subfield>
      <subfield code="e">rda</subfield>
    </datafield>
    <datafield tag="042" ind1=" " ind2=" ">
      <subfield code="a">gnd1</subfield>
    </datafield>
    <datafield tag="043" ind1=" " ind2=" ">
      <subfield code="c">XA-PT</subfield>
      <subfield code="c">XA-IT</subfield>
    </datafield>
    <datafield tag="065" ind1=" " ind2=" ">
      <subfield code="a">3.6p</subfield>
      <subfield code="2">sswd</subfield>
    </datafield>
    <datafield tag="075" ind1=" " ind2=" ">
      <subfield code="b">p</subfield>
      <subfield code="2">gndgen</subfield>
    </datafield>
    <datafield tag="075" ind1=" " ind2=" ">
      <subfield code="b">piz</subfield>
      <subfield code="2">gndspec</subfield>
    </datafield>
    <datafield tag="079" ind1=" " ind2=" ">
      <subfield code="a">g</subfield>
      <subfield code="q">s</subfield>
      <subfield code="q">f</subfield>
      <subfield code="q">n</subfield>
      <subfield code="u">v</subfield>
      <subfield code="u">w</subfield>
    </datafield>
    <datafield tag="100" ind1="0" ind2=" ">
      <subfield code="a">Antonius</subfield>
      <subfield code="c">von Padua, Heiliger</subfield>
      <subfield code="d">1195-1231</subfield>
    </datafield>
    <datafield tag="375" ind1=" " ind2=" ">
      <subfield code="a">1</subfield>
      <subfield code="2">iso5218</subfield>
    </datafield>
    <datafield tag="400" ind1="0" ind2=" ">
      <subfield code="a">Antonius</subfield>
      <subfield code="c">de Padua, Heiliger</subfield>
      <subfield code="d">1195-1231</subfield>
    </datafield>
    <datafield tag="400" ind1="0" ind2=" ">
      <subfield code="a">Antonio</subfield>
      <subfield code="c">da Padova, Heiliger</subfield>
      <subfield code="d">1195-1231</subfield>
    </datafield>
    <datafield tag="400" ind1="0" ind2=" ">
      <subfield code="a">Antoine</subfield>
      <subfield code="c">de Padoue, Heiliger</subfield>
      <subfield code="d">1195-1231</subfield>
    </datafield>
    <datafield tag="400" ind1="0" ind2=" ">
      <subfield code="a">Antonio</subfield>
      <subfield code="c">di Padova, Heiliger</subfield>
      <subfield code="d">1195-1231</subfield>
    </datafield>
    <datafield tag="400" ind1="0" ind2=" ">
      <subfield code="a">Antonio</subfield>
      <subfield code="c">di Padoa, Heiliger</subfield>
      <subfield code="d">1195-1231</subfield>
    </datafield>
    <datafield tag="400" ind1="0" ind2=" ">
      <subfield code="a">Antony</subfield>
      <subfield code="c">of Padua, Heiliger</subfield>
      <subfield code="d">1195-1231</subfield>
    </datafield>
    <datafield tag="400" ind1="0" ind2=" ">
      <subfield code="a">Antonius</subfield>
      <subfield code="c">Patavinus, Heiliger</subfield>
      <subfield code="d">1195-1231</subfield>
    </datafield>
    <datafield tag="400" ind1="0" ind2=" ">
      <subfield code="a">Antonius</subfield>
      <subfield code="c">Paduanus, Heiliger</subfield>
      <subfield code="d">1195-1231</subfield>
    </datafield>
    <datafield tag="400" ind1="0" ind2=" ">
      <subfield code="a">Antonius</subfield>
      <subfield code="c">Pataoinus, Heiliger</subfield>
      <subfield code="d">1195-1231</subfield>
    </datafield>
    <datafield tag="400" ind1="0" ind2=" ">
      <subfield code="a">Antonius</subfield>
      <subfield code="c">Patavinus, Sanctus</subfield>
      <subfield code="d">1195-1231</subfield>
    </datafield>
    <datafield tag="400" ind1="0" ind2=" ">
      <subfield code="a">Antonius</subfield>
      <subfield code="c">Sanctus</subfield>
      <subfield code="d">1195-1231</subfield>
    </datafield>
    <datafield tag="400" ind1="0" ind2=" ">
      <subfield code="a">Antonio</subfield>
      <subfield code="c">Santo</subfield>
      <subfield code="d">1195-1231</subfield>
    </datafield>
    <datafield tag="400" ind1="0" ind2=" ">
      <subfield code="a">António</subfield>
      <subfield code="c">Santo</subfield>
      <subfield code="d">1195-1231</subfield>
    </datafield>
    <datafield tag="400" ind1="0" ind2=" ">
      <subfield code="a">Antoine</subfield>
      <subfield code="c">Saint</subfield>
      <subfield code="d">1195-1231</subfield>
    </datafield>
    <datafield tag="400" ind1="0" ind2=" ">
      <subfield code="a">Antonio</subfield>
      <subfield code="c">San</subfield>
      <subfield code="d">1195-1231</subfield>
    </datafield>
    <datafield tag="400" ind1="0" ind2=" ">
      <subfield code="a">Antonius</subfield>
      <subfield code="c">Heiliger</subfield>
      <subfield code="d">1195-1231</subfield>
    </datafield>
    <datafield tag="400" ind1="0" ind2=" ">
      <subfield code="a">Ferdinand</subfield>
      <subfield code="c">Augustiner-Chorherr, Heiliger</subfield>
      <subfield code="d">1195-1231</subfield>
    </datafield>
    <datafield tag="400" ind1="0" ind2=" ">
      <subfield code="a">Antonio</subfield>
      <subfield code="c">Francescano, Heiliger</subfield>
      <subfield code="d">1195-1231</subfield>
    </datafield>
    <datafield tag="400" ind1="0" ind2=" ">
      <subfield code="a">Antonius</subfield>
      <subfield code="c">Franciscan, Heiliger</subfield>
      <subfield code="d">1195-1231</subfield>
    </datafield>
    <datafield tag="400" ind1="0" ind2=" ">
      <subfield code="a">António</subfield>
      <subfield code="c">de Lisboa, Heiliger</subfield>
      <subfield code="d">1195-1231</subfield>
    </datafield>
    <datafield tag="400" ind1="0" ind2=" ">
      <subfield code="a">Antonius</subfield>
      <subfield code="c">Lusitanus, Heiliger</subfield>
      <subfield code="d">1195-1231</subfield>
    </datafield>
    <datafield tag="400" ind1="1" ind2=" ">
      <subfield code="a">Bulhorn, Fernandez Martin &#152;de&#156;</subfield>
      <subfield code="c">Heiliger</subfield>
      <subfield code="d">1195-1231</subfield>
    </datafield>
    <datafield tag="400" ind1="1" ind2=" ">
      <subfield code="a">Bulhen, Fernando &#152;de&#156;</subfield>
      <subfield code="c">Heiliger</subfield>
      <subfield code="d">1195-1231</subfield>
    </datafield>
    <datafield tag="400" ind1="1" ind2=" ">
      <subfield code="a">Buglion, Fernandus &#152;de&#156;</subfield>
      <subfield code="c">Heiliger</subfield>
      <subfield code="d">1195-1231</subfield>
    </datafield>
    <datafield tag="400" ind1="0" ind2=" ">
      <subfield code="a">Antonius</subfield>
      <subfield code="c">von Padua</subfield>
      <subfield code="d">1195-1231</subfield>
    </datafield>
    <datafield tag="400" ind1="0" ind2=" ">
      <subfield code="a">Sant'Antonio</subfield>
      <subfield code="d">1195-1231</subfield>
    </datafield>
    <datafield tag="400" ind1="0" ind2=" ">
      <subfield code="a">San Antonio</subfield>
      <subfield code="d">1195-1231</subfield>
    </datafield>
    <datafield tag="400" ind1="0" ind2=" ">
      <subfield code="a">Antonio</subfield>
      <subfield code="d">1195-1231</subfield>
    </datafield>
    <datafield tag="400" ind1="0" ind2=" ">
      <subfield code="a">Pseudo-Antonius</subfield>
      <subfield code="d">1195-1231</subfield>
      <subfield code="9">v:on Padua, Heiliger</subfield>
    </datafield>
    <datafield tag="400" ind1="0" ind2=" ">
      <subfield code="a">Pseudo-Antonius</subfield>
      <subfield code="c">de Padua, Heiliger</subfield>
      <subfield code="d">1195-1231</subfield>
    </datafield>
    <datafield tag="510" ind1="2" ind2=" ">
      <subfield code="0">(DE-101)004047621</subfield>
      <subfield code="0">(DE-588)1008636-5</subfield>
      <subfield code="0">https://d-nb.info/gnd/1008636-5</subfield>
      <subfield code="a">Franziskaner</subfield>
      <subfield code="4">affi</subfield>
      <subfield code="4">https://d-nb.info/standards/elementset/gnd#affiliation</subfield>
      <subfield code="w">r</subfield>
      <subfield code="i">Affiliation</subfield>
      <subfield code="e">Affiliation</subfield>
    </datafield>
    <datafield tag="510" ind1="2" ind2=" ">
      <subfield code="0">(DE-101)957883668</subfield>
      <subfield code="0">(DE-588)2180420-5</subfield>
      <subfield code="0">https://d-nb.info/gnd/2180420-5</subfield>
      <subfield code="a">Augustinerchorherren</subfield>
      <subfield code="4">affi</subfield>
      <subfield code="4">https://d-nb.info/standards/elementset/gnd#affiliation</subfield>
      <subfield code="w">r</subfield>
      <subfield code="i">Affiliation</subfield>
      <subfield code="e">Affiliation</subfield>
    </datafield>
    <datafield tag="548" ind1=" " ind2=" ">
      <subfield code="a">1195-1231</subfield>
      <subfield code="4">datl</subfield>
      <subfield code="4">https://d-nb.info/standards/elementset/gnd#dateOfBirthAndDeath</subfield>
      <subfield code="w">r</subfield>
      <subfield code="i">Lebensdaten</subfield>
    </datafield>
    <datafield tag="548" ind1=" " ind2=" ">
      <subfield code="a">15.08.1195-13.06.1231</subfield>
      <subfield code="4">datx</subfield>
      <subfield code="4">https://d-nb.info/standards/elementset/gnd#dateOfBirthAndDeath</subfield>
      <subfield code="w">r</subfield>
      <subfield code="i">Exakte Lebensdaten</subfield>
      <subfield code="9">v:Geburtstag ca.</subfield>
    </datafield>
    <datafield tag="550" ind1=" " ind2=" ">
      <subfield code="0">(DE-101)040399028</subfield>
      <subfield code="0">(DE-588)4039902-3</subfield>
      <subfield code="0">https://d-nb.info/gnd/4039902-3</subfield>
      <subfield code="a">Mönch</subfield>
      <subfield code="4">berc</subfield>
      <subfield code="4">https://d-nb.info/standards/elementset/gnd#professionOrOccupation</subfield>
      <subfield code="w">r</subfield>
      <subfield code="i">Charakteristischer Beruf</subfield>
    </datafield>
    <datafield tag="550" ind1=" " ind2=" ">
      <subfield code="0">(DE-101)04030020X</subfield>
      <subfield code="0">(DE-588)4030020-1</subfield>
      <subfield code="0">https://d-nb.info/gnd/4030020-1</subfield>
      <subfield code="a">Katholischer Theologe</subfield>
      <subfield code="4">beru</subfield>
      <subfield code="4">https://d-nb.info/standards/elementset/gnd#professionOrOccupation</subfield>
      <subfield code="w">r</subfield>
      <subfield code="i">Beruf</subfield>
    </datafield>
    <datafield tag="550" ind1=" " ind2=" ">
      <subfield code="0">(DE-101)043175813</subfield>
      <subfield code="0">(DE-588)4317581-8</subfield>
      <subfield code="0">https://d-nb.info/gnd/4317581-8</subfield>
      <subfield code="a">Kirchenlehrer</subfield>
      <subfield code="4">beru</subfield>
      <subfield code="4">https://d-nb.info/standards/elementset/gnd#professionOrOccupation</subfield>
      <subfield code="w">r</subfield>
      <subfield code="i">Beruf</subfield>
    </datafield>
    <datafield tag="550" ind1=" " ind2=" ">
      <subfield code="0">(DE-101)04024055X</subfield>
      <subfield code="0">(DE-588)4024055-1</subfield>
      <subfield code="0">https://d-nb.info/gnd/4024055-1</subfield>
      <subfield code="a">Heiliger</subfield>
      <subfield code="4">obin</subfield>
      <subfield code="4">https://d-nb.info/standards/elementset/gnd#broaderTermInstantial</subfield>
      <subfield code="w">r</subfield>
      <subfield code="i">Oberbegriff instantiell</subfield>
    </datafield>
    <datafield tag="551" ind1=" " ind2=" ">
      <subfield code="0">(DE-101)040359190</subfield>
      <subfield code="0">(DE-588)4035919-0</subfield>
      <subfield code="0">https://d-nb.info/gnd/4035919-0</subfield>
      <subfield code="a">Lissabon</subfield>
      <subfield code="4">ortg</subfield>
      <subfield code="4">https://d-nb.info/standards/elementset/gnd#placeOfBirth</subfield>
      <subfield code="w">r</subfield>
      <subfield code="i">Geburtsort</subfield>
    </datafield>
    <datafield tag="551" ind1=" " ind2=" ">
      <subfield code="0">(DE-101)040442950</subfield>
      <subfield code="0">(DE-588)4044295-0</subfield>
      <subfield code="0">https://d-nb.info/gnd/4044295-0</subfield>
      <subfield code="a">Padua</subfield>
      <subfield code="4">orts</subfield>
      <subfield code="4">https://d-nb.info/standards/elementset/gnd#placeOfDeath</subfield>
      <subfield code="w">r</subfield>
      <subfield code="i">Sterbeort</subfield>
    </datafield>
    <datafield tag="667" ind1=" " ind2=" ">
      <subfield code="a">12</subfield>
    </datafield>
    <datafield tag="667" ind1=" " ind2=" ">
      <subfield code="a">12-PMA:Suppl.</subfield>
    </datafield>
    <datafield tag="667" ind1=" " ind2=" ">
      <subfield code="a">VD-17</subfield>
    </datafield>
    <datafield tag="670" ind1=" " ind2=" ">
      <subfield code="a">B Wissen</subfield>
    </datafield>
    <datafield tag="670" ind1=" " ind2=" ">
      <subfield code="a">LThK (3. Aufl.)</subfield>
    </datafield>
    <datafield tag="670" ind1=" " ind2=" ">
      <subfield code="a">M</subfield>
    </datafield>
    <datafield tag="670" ind1=" " ind2=" ">
      <subfield code="a">Wikipedia</subfield>
      <subfield code="b">Stand: 14.08.2018</subfield>
      <subfield code="u">https://de.wikipedia.org/wiki/Antonius_von_Padua</subfield>
    </datafield>
    <datafield tag="670" ind1=" " ind2=" ">
      <subfield code="a">Schneyer,I,314</subfield>
    </datafield>
    <datafield tag="670" ind1=" " ind2=" ">
      <subfield code="a">Lex. MA,I,732/33</subfield>
    </datafield>
    <datafield tag="672" ind1=" " ind2="0">
      <subfield code="a">Concordantiae morales sacrorum Bibliorum</subfield>
      <subfield code="f">1624</subfield>
    </datafield>
    <datafield tag="672" ind1=" " ind2="0">
      <subfield code="a">Sermones dominicales</subfield>
      <subfield code="f">1528</subfield>
    </datafield>
    <datafield tag="672" ind1=" " ind2="0">
      <subfield code="a">Sermones dominicales super evangelia totius anni</subfield>
      <subfield code="f">1574</subfield>
    </datafield>
    <datafield tag="672" ind1=" " ind2="0">
      <subfield code="a">Franciscus &lt;Assisias&gt;: Sancti Francisci Assisiatis ... nec non S. Antonii Paduani Opera*</subfield>
      <subfield code="f">1653</subfield>
    </datafield>
    <datafield tag="672" ind1=" " ind2="0">
      <subfield code="a">Franciscus &lt;Assisias&gt;: Sancti Francisci Assisiatis ... nec non S. Antonii Paduani Opera*</subfield>
      <subfield code="f">1739</subfield>
    </datafield>
    <datafield tag="672" ind1=" " ind2="0">
      <subfield code="a">Franciscus &lt;Assisias&gt;: Sancti Francisci Assisiatis ... nec non S. Antonii Paduani Opera*</subfield>
      <subfield code="f">1741</subfield>
    </datafield>
    <datafield tag="913" ind1=" " ind2=" ">
      <subfield code="S">pnd</subfield>
      <subfield code="i">5</subfield>
      <subfield code="a">Antonius &lt;de Padua&gt;</subfield>
      <subfield code="0">(DE-588a)118503510</subfield>
    </datafield>
    <datafield tag="913" ind1=" " ind2=" ">
      <subfield code="S">pnd</subfield>
      <subfield code="i">5</subfield>
      <subfield code="a">Antonius &lt;von Padua&gt;</subfield>
      <subfield code="0">(DE-588a)118503510</subfield>
    </datafield>
  </record>
